<record><leader>00000cas a22000007a 4500</leader><controlfield tag="001">11052784</controlfield><controlfield tag="008">840814d18711917inuwr ne      0    0eng d</controlfield><datafield ind1=" " ind2=" " tag="010"><subfield code="a">sn 84027377 </subfield></datafield><datafield ind1=" " ind2=" " tag="040"><subfield code="a">NPU</subfield><subfield code="b">eng</subfield><subfield code="c">NPU</subfield><subfield code="d">NPI</subfield><subfield code="d">LNP</subfield><subfield code="d">OCLCQ</subfield></datafield><datafield ind1=" " ind2=" " tag="042"><subfield code="a">msc</subfield></datafield><datafield ind1="0" ind2=" " tag="130"><subfield code="a">Fort Wayne weekly sentinel (Fort Wayne, Ind. : 1871)</subfield></datafield><datafield ind1="1" ind2="0" tag="245"><subfield code="a">Fort Wayne weekly sentinel.</subfield></datafield><datafield ind1="1" ind2=" " tag="246"><subfield code="i">Issues for Dec. 17, 1902-Sept. 30, 1903 have title:</subfield><subfield code="a">Weekly sentinel</subfield></datafield><datafield ind1=" " ind2=" " tag="260"><subfield code="a">Fort Wayne, Ind. :</subfield><subfield code="b">R.D. Dumm</subfield></datafield><datafield ind1=" " ind2=" " tag="310"><subfield code="a">Weekly</subfield></datafield><datafield ind1="1" ind2=" " tag="362"><subfield code="a">Began in Jan. 1871? Ceased in 1917.</subfield></datafield><datafield ind1=" " ind2=" " tag="500"><subfield code="a">"Fort Wayne" above title ornament, &lt;Oct. 17, 1883 and Apr. 28, 1886&gt;.</subfield></datafield><datafield ind1=" " ind2=" " tag="500"><subfield code="a">Published by: E.A.K. Hackett, &lt;Apr. 28, 1886&gt;.</subfield></datafield><datafield ind1=" " ind2=" " tag="580"><subfield code="a">Daily ed. called: Fort Wayne daily sentinel, 1871-1879; Fort Wayne sentinel, 1879-1880; Fort Wayne daily sentinel, 1880-1884; Fort Wayne sentinel, 1884-1917.</subfield></datafield><datafield ind1=" " ind2=" " tag="588"><subfield code="a">Description based on: Vol. 38, no. 2 (Feb. 1, 1871).</subfield></datafield><datafield ind1=" " ind2=" " tag="752"><subfield code="a">United States</subfield><subfield code="b">Indiana</subfield><subfield code="c">Allen</subfield><subfield code="d">Fort Wayne.</subfield></datafield><datafield ind1="1" ind2=" " tag="775"><subfield code="t">Fort Wayne daily sentinel (Fort Wayne, Ind. : 1871)</subfield><subfield code="w">(DLC)sn 84027375</subfield></datafield><datafield ind1="1" ind2=" " tag="775"><subfield code="t">Fort Wayne sentinel (Fort Wayne, Ind. : Daily : 1879)</subfield><subfield code="w">(DLC)sn 87055997</subfield></datafield><datafield ind1="1" ind2=" " tag="775"><subfield code="t">Fort Wayne daily sentinel (Fort Wayne, Ind. : 1880)</subfield><subfield code="w">(DLC)sn 87055996</subfield></datafield><datafield ind1="1" ind2=" " tag="775"><subfield code="t">Fort Wayne sentinel (Fort Wayne, Ind. : Daily :1884)</subfield><subfield code="w">(DLC)sn 87055966</subfield></datafield><datafield ind1="0" ind2="0" tag="780"><subfield code="t">Fort Wayne weekly Democrat</subfield><subfield code="w">(DLC)sn 87055972</subfield></datafield></record>